<record><leader>00000cas a22000007a 4500</leader><controlfield tag="001">13108930</controlfield><controlfield tag="008">860205d18601861iauwr ne      0    0eng d</controlfield><datafield ind1=" " ind2=" " tag="010"><subfield code="a">sn 86061021 </subfield></datafield><datafield ind1=" " ind2=" " tag="040"><subfield code="a">INP</subfield><subfield code="b">eng</subfield><subfield code="c">INP</subfield><subfield code="d">NST</subfield><subfield code="d">OCLCQ</subfield></datafield><datafield ind1=" " ind2="4" tag="050"><subfield code="a">AN2</subfield><subfield code="b">.B42x</subfield></datafield><datafield ind1="0" ind2=" " tag="130"><subfield code="a">Sunbeam (Keokuk, Iowa : 1860)</subfield></datafield><datafield ind1="1" ind2="4" tag="245"><subfield code="a">The sunbeam.</subfield></datafield><datafield ind1=" " ind2=" " tag="260"><subfield code="a">Keokuk, Iowa :</subfield><subfield code="b">J.W. Delaplain,</subfield><subfield code="c">1860-1861.</subfield></datafield><datafield ind1=" " ind2=" " tag="300"><subfield code="a">2 v. ;</subfield><subfield code="c">56 cm.</subfield></datafield><datafield ind1=" " ind2=" " tag="310"><subfield code="a">Weekly</subfield></datafield><datafield ind1="0" ind2=" " tag="362"><subfield code="a">Vol. 1, no. 1 (Jan. 28, 1860)-2nd year, no. 27 (Oct. 5, 1861).</subfield></datafield><datafield ind1=" " ind2=" " tag="500"><subfield code="a">"A family paper devoted to temperance, morality and general miscellany."</subfield></datafield><datafield ind1=" " ind2=" " tag="500"><subfield code="a">"In the current of life, beware of the Gulf of Intemperance."</subfield></datafield><datafield ind1=" " ind2=" " tag="500"><subfield code="a">Originally edited by: J.Q. Detwiler.</subfield></datafield><datafield ind1=" " ind2=" " tag="752"><subfield code="a">United States</subfield><subfield code="b">Iowa</subfield><subfield code="c">Lee</subfield><subfield code="d">Keokuk.</subfield></datafield></record>